@misc{nat00,
  title = {Rete Natura 2000},
  howpublished = {https://www.mase.gov.it/pagina/rete-natura-2000},
  note = {last accessed: 2023-07-04},
  language = {it}
}
@misc{camsb,
  title = { Saint Bartholomewâ€™s Path},
  howpublished = {https://camminodisanbartolomeo.com/},
  note = {last accessed: 2023-04-05},
  language = {it}
}
@misc{agu,
  title = {Kayak and rafting Association},
  howpublished = {https://aguaraja.it/},
  note = {last accessed: August 2023},
  language = {it}
}
@misc{bdl,
  title = {Bagni di Lucca Municipality promotional portal},
  howpublished = {https://www.bagnidilucca.info/},
  note = {last accessed: August 2023},
  language = {it}
}
@misc{casoli2,
  title = {Bagni di Lucca Municipality Blog},
  howpublished = {http://www.bagnidiluccaonline.it/casoli.html},
  note = {last accessed: August 2023},
  language = {it}
}
@misc{bdlt2,
  title = {Bagni di Lucca Thermal Baths},
  howpublished = {http://www.bagnidiluccaterme.info/it/argomento/paesi-di-bagni-di-lucca.html},
  note = {last accessed: August 2023},
  language = {it}
}
@misc{vdl2,
  title = {Tuscany tourism blog},
  howpublished = {https://borghi.toscana.it/blog/borghi-a-lucca/2021/val-di-lima-la-toscana-che-non-conosci/},
  note = {last accessed: August 2023},
  language = {it}
}
@misc{provlucca,
  title = {Italian Municipalities' data portal},
  howpublished = {https://www.comuniecitta.it/toscana-9/provincia-di-lucca-46/comune-di-bagni-di-lucca-46002},
  note = {last accessed: August 2023},
  language = {it}
}
@misc{contado,
  title = {Blog of Lucca's villages},
  howpublished = {http://www.contadolucchese.it/Bagni\_di\_Lucca\_2.htm},
  note = {last accessed: August 2023},
  language = {it}
}
@misc{fonmon,
  title = {Michel De Montaigne Foundation},
  howpublished = {https://www.fondazionemontaigne.it/},
  note = {last accessed: August 2023},
  language = {it}
}
@misc{garfraft,
  title = {Garfagnana Rafting Association},
  howpublished = {https://www.garfagnanarafting.com/},
  note = {last accessed: August 2023},
  language = {it}
}
@misc{instbdl,
  title = {Bagni di Lucca Instagram profile},
  howpublished = {https://www.instagram.com/bagnidilucca.info/},
  note = {last accessed: August 2023},
  language = {it}
}
@misc{casolibdl,
  title = {Italian Municipalities' data portal},
  howpublished = {https://italia.indettaglio.it/ita/toscana/lucca\_bagnidilucca\_casoli.html},
  note = {last accessed: August 2023},
  language = {it}
}
@misc{affreg,
  title = {Italian Government Portal. Department for Regional Affairs},
  howpublished = {https://www.italiae.affariregionali.it/home/},
  note = {last accessed: August 2023},
  language = {it}
}
@misc{castagna,
  title = {Local magazine},
  howpublished = {https://www.lanazione.it/lucca/cronaca/inaugurato-il-nuovo-sentiero-la-via-della-castagna-1.7851838},
  note = {last accessed: August 2023},
  language = {it}
}
@misc{botri,
  title = {Orrido di Botri Natural Reserve},
  howpublished = {https://www.orridodibotri.toscana.it/},
  note = {last accessed:August 2023},
  language = {it}
}
@misc{vigliese,
  title = {Levigliese Adventure Park},
  howpublished = {https://www.parcolevigliese.com/},
  note = {last accessed: August 2023},
  language = {it}
}
@misc{paesaggio,
  title = {Tuscany Region observatory landscape},
  howpublished = {https://www.paesaggiotoscana.it/territori/garfagnana-valle-del-serchio-e-val-di-lima/},
  note = {last accessed: July 2023},
  language = {it}
}
@misc{r2o,
  title = {Val di Lima rafting association},
  howpublished = {https://www.raftingh2o.com/},
  note = {last accessed: August 2023},
  language = {it}
}
@misc{ronda,
  title = {Val di Lime sport adventure association},
  howpublished = {https://www.rockonda.it/},
  note = {last accessed: August 2023},
  language = {it}
}
@misc{sismus,
  title = {Valle del Serchio Museum System},
  howpublished = {https://sistemamusealevalledelserchio.it/itinerario/la-val-di-lima/},
  note = {last accessed: July 2023},
  language = {it}
}
@misc{tt,
  title = {Tuscany excursion organization},
  howpublished = {https://www.terratrails.it/escursioni-toscana/val-di-lima/},
  note = {last accessed: August 2023},
  language = {it}
}
@misc{cittaacque,
  title = {Tuscany Region tourism blog},
  howpublished = {https://www.toscanaovunquebella.it/it/bagni-di-lucca/citta-delle-acque},
  note = {last accessed: August 2023},
  language = {it}
}
@misc{tbdl,
  title = {Bagni di Lucca tourism portal},
  howpublished = {https://www.turismobagnidilucca.com/},
  note = {last accessed: August 2023},
  language = {it}
}
@misc{amicizia,
  title = {Welcoming Project in Lucca},
  howpublished = {https://www.welcome2lucca.com/alta-via-dei-pastori-un-percorso-di-trekking-amicizia-passione/},
  note = {last accessed: August 2023},
  language = {it}
}
@misc{valdilima,
  title = {Val di Lima tourism portal},
  howpublished = {https://www.valdilima.org/},
  note = {last accessed:August 2023},
  language = {it}

}
@misc{genio,
  title = {Tuscany Tour organizer},
  howpublished = {https://viaggidelgenio.it/},
  note = {last accessed: July 2023},
  language = {it}
}
@misc{visitlima,
  title = {Tuscany Region tourism portal},
  howpublished = {https://www.visittuscany.com/it/idee/val-di-lima-scoprila-tra-terme-e-grotte/},
  note = {last accessed: August 2023},
  language = {it}

}
@misc{umap,
  title = {UMap},
  howpublished ={https://umap.openstreetmap.fr/it/},
  note = {last accessed: sept. 18, 2023}
},
@misc{github-qr,
  title = {QR tag generator},
  howpublished ={https://github.com/prin-underlandscape/QR-tags-generation.git},
  note = {last accessed: sept. 22, 2023}
}

@misc{agfa,
  title = {About SYNAPS - 100\% respect for preserving natural resources},
  howpublished ={https://www.agfa.com/specialty-products/solutions/synaps-synthetic-paper/environment/},
  note = {last accessed: sept. 25, 2023}
}
